@misc{gplv3,
    author       = {Free Software Foundation},
    title        = {{GNU} {G}eneral {P}ublic {L}icense},
    version      = {3},
    howpublished = {\url{http://www.gnu.org/licenses/gpl.html}},
    shorthand    = {GPL},
}

@book{goodfellow,
    place={Cambridge,MA},
    title={Deep learning},
    publisher={The MIT Press},
    author={Goodfellow,Ian and Bengio,Yoshua and Courville,Aaron},
    year={2016}
}

@ARTICLE{evolutionary_computation,
    author={J. {Zhang} and Z. {Zhan} and Y. {Lin} and N. {Chen} and Y. {Gong} and
    J. {Zhong} and H. S. H. {Chung} and Y. {Li} and Y. {Shi}},
    journal={IEEE Computational Intelligence Magazine},
    title={Evolutionary Computation Meets Machine Learning: A Survey},
    year={2011},
    volume={6},
    number={4},
    pages={68-75},
    month={Nov},
}

@misc{g-prop,
    title = {G-Prop: Global optimization of multilayer perceptrons using GAs},
    journal = {Neurocomputing},
    volume = {35},
    number = {1},
    pages = {149 - 163},
    year = {2000},
    note = {Building information systems based on neural networks},
    issn = {0925-2312},
    howpublished = {\url{http://www.sciencedirect.com/science/article/pii/S0925231200003027}},
    author = {P.A. Castillo and J.J. Merelo and A. Prieto and V. Rivas and G. Romero},
    keywords = {Genetic algorithms, Neural networks, Optimization, Learning, Generalization},
}

@misc{nielsen,
    author={Nielsen, Michael A.},
    title={Neural Networks and Deep Learning},
    howpublished={\url{http://neuralnetworksanddeeplearning.com/}},
    publisher={Determination Press},
    year={2015},
}

@misc{nn-diagram,
    author = {Kjell Magne Fauske},
    title = {Example: Neural Network},
    howpublished = {\url{http://www.texample.net/tikz/examples/neural-network/}}
}

@misc{3blue1brown-mlp-1,
    author = {Grant Sanderson},
    title = {Neural networks},
    howpublished = {\url{https://www.youtube.com/watch?v=aircAruvnKk}},
}

@misc{sklearn-grid,
  author       = {scikit-learn developers},
  title        = {Scikit-learn: Grid search},
  howpublished = {\url{https://scikit-learn.org/stable/modules/grid_search.html#exhaustive-grid-search}},
  year         = {2007-2019}
}

@misc{sklearn-random,
  author       = {scikit-learn developers},
  title        = {Scikit-learn: Random search},
  howpublished = {\url{https://scikit-learn.org/stable/modules/grid_search.html#randomized-parameter-optimization}},
  year         = {2007-2019}
}

@misc{sklearn-deap,
  author       = {rsteca en GitHub},
  title        = {Use evolutionary algorithms instead of gridsearch in scikit-learn},
  howpublished = {\url{https://github.com/rsteca/sklearn-deap}},
  year         = {2015-2019}
}

@misc{ga-intro,
    author = {Vijini Mallawaarachchi},
    title = {Introduction to Genetic Algorithms},
    howpublished = {\url{https://towardsdatascience.com/introduction-to-genetic-algorithms-including-example-code-e396e98d8bf3}}
}

@misc{travis-ci,
    author       = {Travis CI}, 
    title        = {Test and Deploy with Confidence},
    howpublished = {\url{https://travis-ci.org/}}
}

@misc{lasagne-nn,
    author       = {Sander Dieleman and
                    Jan Schl√ºter and
                    Colin Raffel and
                    others},
    title        = {Lasagne: First release.},
    month        = aug,
    year         = 2015,
    doi          = {10.5281/zenodo.27878},
    url          = {http://dx.doi.org/10.5281/zenodo.27878}
}

@article{theano-nn,
    author = {{Theano Development Team}},
    title = "{Theano: A {Python} framework for fast computation of mathematical expressions}",
    journal = {arXiv e-prints},
    volume = {abs/1605.02688},
    primaryClass = "cs.SC",
    keywords = {Computer Science - Symbolic Computation, Computer Science - Learning, Computer Science - Mathematical Software},
    year = 2016,
    month = may,
    url = {http://arxiv.org/abs/1605.02688},
}

@misc{keras-nn,
    title={Keras},
    author={Chollet, Fran\c{c}ois and others},
    year={2015},
    howpublished={\url{https://keras.io}},
}


@incollection{pytorch-nn,
    title = {PyTorch: An Imperative Style, High-Performance Deep Learning Library},
    author = {Paszke, Adam, Gross and others},
    booktitle = {Advances in Neural Information Processing Systems 32},
    editor = {H. Wallach and H. Larochelle and A. Beygelzimer and F. d\textquotesingle Alch\'{e}-Buc and E. Fox and R. Garnett},
    pages = {8024--8035},
    year = {2019},
    publisher = {Curran Associates, Inc.},
    url = {http://papers.neurips.cc/paper/9015-pytorch-an-imperative-style-high-performance-deep-learning-library.pdf}
}

@article{sklearn-nn,
    title={Scikit-learn: Machine Learning in {P}ython},
    author={Pedregosa, F. and Varoquaux, G. and Gramfort, A. and Michel, V.
            and Thirion, B. and Grisel, O. and Blondel, M. and Prettenhofer, P.
            and Weiss, R. and Dubourg, V. and Vanderplas, J. and Passos, A. and
            Cournapeau, D. and Brucher, M. and Perrot, M. and Duchesnay, E.},
    journal={Journal of Machine Learning Research},
    volume={12},
    pages={2825--2830},
    year={2011}
}